%Entries

â€“
90
@Article{Sonia,
  author        = "Sonia Thakur \& Amandeep Kaur"
  title         = "Role of Agile Methodology in Software Development",
  month         = "oct",
  year          = "2013",
  url           = "https://ijcsmc.com/docs/papers/October2013/V2I10201315.pdf",
  note          = "",
}

@Article{MalikH,
  author =       "MALIK HNEIF, SIEW HOCK OW ",
  year =         "2009",
  title =        "REVIEW OF AGILE METHODOLOGIES IN SOFTWARE DEVELOPMENT ",
  url =          "https://www.arpapress.com/Volumes/Vol1/IJRRAS_1_01.pdf",
  month =        oct,
  lastaccessed = "Jan 18, 2018",
}

